<?xml version="1.0" encoding="utf-8"?>
<record xmlns="http://www.loc.gov/MARC21/slim" xmlns:xsi="http://www.w3.org/2001/XMLSchema-instance" xsi:schemaLocation="http://www.loc.gov/MARC21/slim http://www.loc.gov/standards/marcxml/schema/MARC21slim.xsd">
	<leader>
		02434nam a2200433   4500
	</leader>
	<controlfield tag="001">
		002796453
	</controlfield>
	<controlfield tag="003">
		NNU
	</controlfield>
	<controlfield tag="006">
		m        d        
	</controlfield>
	<controlfield tag="007">
		cr cn |||m|||a
	</controlfield>
	<controlfield tag="008">
		160223q19801986ir      o     000 0 ara d
	</controlfield>
	<datafield ind1=" " ind2=" " tag="040">
		<subfield code="a">
			NNU
		</subfield>
		<subfield code="b">
			eng
		</subfield>
		<subfield code="e">
			rda
		</subfield>
		<subfield code="c">
			NNU
		</subfield>
	</datafield>
	<datafield ind1=" " ind2="4" tag="050">
		<subfield code="a">
			BP130.4
		</subfield>
		<subfield code="b">
			.R32 1980
		</subfield>
	</datafield>
	<datafield ind1="1" ind2=" " tag="100">
		<subfield code="6">
			880-01
		</subfield>
		<subfield code="a">
			Rāzī, Fakhr al-Dīn Muḥammad ibn ʻUmar,
		</subfield>
		<subfield code="d">
			1149 or 1150-1210.
		</subfield>
	</datafield>
	<datafield ind1="1" ind2="3" tag="245">
		<subfield code="6">
			880-02
		</subfield>
		<subfield code="a">
			al-Tafsīr al-kabīr /
		</subfield>
		<subfield code="c">
			al-Fakhr al-Rāzī.
		</subfield>
	</datafield>
	<datafield ind1="3" ind2=" " tag="246">
		<subfield code="6">
			880-03
		</subfield>
		<subfield code="a">
			Mafātīḥ al-ghayb
		</subfield>
	</datafield>
	<datafield ind1=" " ind2=" " tag="250">
		<subfield code="6">
			880-04
		</subfield>
		<subfield code="a">
			al-Tabʻah 3.
		</subfield>
	</datafield>
	<datafield ind1=" " ind2=" " tag="260">
		<subfield code="6">
			880-05
		</subfield>
		<subfield code="a">
			[Tehran] :
		</subfield>
		<subfield code="b">
			[Shirkat Ṣaḥāfī Nawīn],
		</subfield>
		<subfield code="c">
			[1980?]
		</subfield>
	</datafield>
	<datafield ind1=" " ind2=" " tag="300">
		<subfield code="a">
			online resource (32 volumes in 16)
		</subfield>
	</datafield>
	<datafield ind1=" " ind2=" " tag="336">
		<subfield code="a">
			text
		</subfield>
		<subfield code="2">
			rdacontent
		</subfield>
	</datafield>
	<datafield ind1=" " ind2=" " tag="337">
		<subfield code="a">
			computer
		</subfield>
		<subfield code="2">
			rdamedia
		</subfield>
	</datafield>
	<datafield ind1=" " ind2=" " tag="338">
		<subfield code="a">
			online resource
		</subfield>
		<subfield code="2">
			rdacarrier
		</subfield>
	</datafield>
	<datafield ind1=" " ind2=" " tag="500">
		<subfield code="a">
			Known also by title: Mafātīḥ al-Ghayb.
		</subfield>
	</datafield>
	<datafield ind1=" " ind2=" " tag="500">
		<subfield code="a">
			Part of the Arabic Collections Online (ACO) project, contributed by New York Univeristy Libraries.
		</subfield>
	</datafield>
	<datafield ind1=" " ind2=" " tag="533">
		<subfield code="a">
			Electronic reproduction.
		</subfield>
		<subfield code="b">
			New York, N.Y. :
		</subfield>
		<subfield code="c">
			New York University,
		</subfield>
		<subfield code="d">
			2016.
		</subfield>
		<subfield code="5">
			NNU
		</subfield>
	</datafield>
	<datafield ind1="0" ind2="0" tag="630">
		<subfield code="a">
			Qurʼan
		</subfield>
		<subfield code="v">
			Commentaries.
		</subfield>
	</datafield>
	<datafield ind1="0" ind2="7" tag="630">
		<subfield code="a">
			Qurʼan.
		</subfield>
		<subfield code="2">
			fast
		</subfield>
		<subfield code="0">
			(OCoLC)fst01842877
		</subfield>
	</datafield>
	<datafield ind1=" " ind2="7" tag="655">
		<subfield code="a">
			Commentaries.
		</subfield>
		<subfield code="2">
			fast
		</subfield>
		<subfield code="0">
			(OCoLC)fst01423723
		</subfield>
	</datafield>
	<datafield ind1="2" ind2=" " tag="710">
		<subfield code="a">
			New York University.
		</subfield>
		<subfield code="b">
			Libraries.
		</subfield>
	</datafield>
	<datafield ind1="0" ind2=" " tag="730">
		<subfield code="a">
			Arabic Collections Online.
		</subfield>
	</datafield>
	<datafield ind1="0" ind2="8" tag="776">
		<subfield code="i">
			Online version:
		</subfield>
		<subfield code="a">
			Rāzī, Fakhr al-Dīn Muḥammad ibn ʻUmar, 1149 or 50-1210.
		</subfield>
		<subfield code="t">
			Tafsīr al-kabīr.
		</subfield>
		<subfield code="b">
			al-Tabʻah 3.
		</subfield>
		<subfield code="d">
			[Tehran : Shirkat Ṣaḥāfī Nawīn, 1980?]
		</subfield>
		<subfield code="w">
			(OCoLC)612910741
		</subfield>
	</datafield>
	<datafield ind1="0" ind2="8" tag="776">
		<subfield code="i">
			Print version:
		</subfield>
		<subfield code="a">
			Rāzī, Fakhr al-Dīn Muḥammad ibn ʻUmar, 1149 or 1150-1210.
		</subfield>
		<subfield code="t">
			al-Tafsīr al-kabīr
		</subfield>
		<subfield code="w">
			(NNU)002796453
		</subfield>
		<subfield code="w">
			(DLC)   85931419
		</subfield>
	</datafield>
	<datafield ind1="4" ind2="0" tag="856">
		<subfield code="u">
			http://hdl.handle.net/2333.1/8kprr800
		</subfield>
	</datafield>
	<datafield ind1="1" ind2=" " tag="880">
		<subfield code="6">
			100-01/
		</subfield>
		<subfield code="a">
			رازي، فخر الدين محمد بن عمر،
		</subfield>
		<subfield code="d">
			1149 or 1150-1210.
		</subfield>
	</datafield>
	<datafield ind1="1" ind2="2" tag="880">
		<subfield code="6">
			245-02/
		</subfield>
		<subfield code="a">
			التفسير الكبير /
		</subfield>
		<subfield code="c">
			الفخر الرازي.
		</subfield>
	</datafield>
	<datafield ind1="3" ind2=" " tag="880">
		<subfield code="6">
			246-03/
		</subfield>
		<subfield code="a">
			مفاتيح الغيب
		</subfield>
	</datafield>
	<datafield ind1=" " ind2=" " tag="880">
		<subfield code="6">
			250-04/
		</subfield>
		<subfield code="a">
			الطبعة 3.
		</subfield>
	</datafield>
	<datafield ind1=" " ind2=" " tag="880">
		<subfield code="6">
			260-05/
		</subfield>
		<subfield code="a">
			[طهران] :
		</subfield>
		<subfield code="b">
			[شرکة صحافى نوىن]،
		</subfield>
		<subfield code="c">
			[1980؟]
		</subfield>
	</datafield>
	<datafield ind1=" " ind2=" " tag="959">
		<subfield code="a">
			NNU
		</subfield>
		<subfield code="b">
			WEB
		</subfield>
		<subfield code="c">
			GENI
		</subfield>
		<subfield code="t">
			0
		</subfield>
		<subfield code="m">
			Electronic access
		</subfield>
		<subfield code="s">
			01
		</subfield>
	</datafield>
	<datafield ind1=" " ind2=" " tag="999">
		<subfield code="i">
			NNU_002796453
		</subfield>
		<subfield code="s">
			nyu_aco001629:v.1-2
		</subfield>
		<subfield code="s">
			nyu_aco001630:v.3-4
		</subfield>
		<subfield code="s">
			nyu_aco001631:v.5-6
		</subfield>
		<subfield code="s">
			nyu_aco001632:v.7-8
		</subfield>
		<subfield code="s">
			nyu_aco001633:v.11-12
		</subfield>
		<subfield code="s">
			nyu_aco001634:v.13-14
		</subfield>
		<subfield code="s">
			nyu_aco001635:v.15-16
		</subfield>
		<subfield code="s">
			nyu_aco001636:v.17-18
		</subfield>
		<subfield code="s">
			nyu_aco001637:v.19-20
		</subfield>
		<subfield code="s">
			nyu_aco001638:v.21-22
		</subfield>
		<subfield code="s">
			nyu_aco001639:v.23-24
		</subfield>
		<subfield code="s">
			nyu_aco001640:v.25-26
		</subfield>
		<subfield code="s">
			nyu_aco001641:v.27-28
		</subfield>
		<subfield code="s">
			nyu_aco001642:v.29-30
		</subfield>
		<subfield code="s">
			nyu_aco001643:v.31-32
		</subfield>
	</datafield>
</record>
